@article{DBLP:journals/jlap/BlazquezMS23,
  author       = {Jorge Bl{\'{a}}zquez and
                  Manuel Montenegro and
                  Clara Segura},
  title        = {Verification of mutable linear data structures and iterator-based
                  algorithms in Dafny},
  journal      = {J. Log. Algebraic Methods Program.},
  volume       = {134},
  pages        = {100875},
  year         = {2023},
  url          = {https://doi.org/10.1016/j.jlamp.2023.100875},
  doi          = {10.1016/J.JLAMP.2023.100875},
  timestamp    = {Tue, 12 Sep 2023 07:58:26 +0200},
  biburl       = {https://dblp.org/rec/journals/jlap/BlazquezMS23.bib},
  bibsource    = {dblp computer science bibliography, https://dblp.org}
}

@inproceedings{DBLP:journals/corr/abs-1909-01743,
  author       = {Cezar{-}Constantin Andrici and
                  {\c{S}}tefan Ciob{\^{a}}c{\u{a}}},
  editor       = {Mircea Marin and
                  Adrian Craciun},
  title        = {Verifying the {DPLL} Algorithm in Dafny},
  booktitle    = {Proceedings Third Symposium on Working Formal Methods, {FROM} 2019,
                  Timi{\c{s}}oara, Romania, 3-5 September 2019},
  series       = {{EPTCS}},
  volume       = {303},
  pages        = {3--15},
  year         = {2019},
  url          = {https://doi.org/10.4204/EPTCS.303.1},
  doi          = {10.4204/EPTCS.303.1},
  timestamp    = {Tue, 08 Oct 2019 16:28:21 +0200},
  biburl       = {https://dblp.org/rec/journals/corr/abs-1909-01743.bib},
  bibsource    = {dblp computer science bibliography, https://dblp.org}
}

@incollection{DBLP:series/natosec/KoenigL12,
  author       = {Jason Koenig and
                  K. Rustan M. Leino},
  editor       = {Tobias Nipkow and
                  Orna Grumberg and
                  Benedikt Hauptmann},
  title        = {Getting Started with Dafny: {A} Guide},
  booktitle    = {Software Safety and Security - Tools for Analysis and Verification},
  series       = {{NATO} Science for Peace and Security Series - {D:} Information and
                  Communication Security},
  volume       = {33},
  pages        = {152--181},
  publisher    = {{IOS} Press},
  year         = {2012},
  url          = {https://doi.org/10.3233/978-1-61499-028-4-152},
  doi          = {10.3233/978-1-61499-028-4-152},
  timestamp    = {Wed, 04 Mar 2020 14:10:38 +0100},
  biburl       = {https://dblp.org/rec/series/natosec/KoenigL12.bib},
  bibsource    = {dblp computer science bibliography, https://dblp.org}
}

@article{Curs,
    author       = {Dorel Lucanu and {\c{S}}tefan Ciob{\^{a}}c{\u{a}}},
    title        = {Lecture 11: Dynamic Programming},
    url = {https://sites.google.com/view/fii-pa/2022/lectures}
}